<record xmlns="http://www.loc.gov/MARC21/slim" xmlns:xsi="http://www.w3.org/2001/XMLSchema-instance" xsi:schemaLocation="http://www.loc.gov/MARC21/slim http://www.loc.gov/standards/marcxml/schema/MARC21slim.xsd"><leader>00677cz   2200169n  4500</leader><controlfield tag="001">oca00366301 </controlfield><controlfield tag="005">19980625104036.9</controlfield><controlfield tag="008">800625n| acannaab|          |a aaa |||  </controlfield><datafield ind1=" " ind2=" " tag="010"><subfield code="a">n  79134944 </subfield></datafield><datafield ind1=" " ind2=" " tag="040"><subfield code="a">DLC</subfield><subfield code="c">DLC</subfield><subfield code="d">DLC</subfield></datafield><datafield ind1="0" ind2=" " tag="100"><subfield code="a">Empedocles</subfield></datafield><datafield ind1="0" ind2=" " tag="400"><subfield code="a">EmpedokleÌ&#x84;s</subfield></datafield><datafield ind1="0" ind2=" " tag="400"><subfield code="a">EmpeÌ&#x81;docle</subfield></datafield><datafield ind1="0" ind2=" " tag="400"><subfield code="a">EÌ&#x87;mpedokl</subfield></datafield><datafield ind1=" " ind2=" " tag="670"><subfield code="a">O'Brien, D. Pour interpreÌ&#x81;ter EmpeÌ&#x81;docle, 1981:</subfield><subfield code="b">t.p. (EmpeÌ&#x81;docle) p. 1 (Empedocles)</subfield></datafield><datafield ind1=" " ind2=" " tag="670"><subfield code="a">Semushkin, A. V. EÌ&#x87;mpedokl, 1985.</subfield></datafield><datafield ind1=" " ind2=" " tag="670"><subfield code="a">HeÌ&#x84; prosoÌ&#x84;kratikeÌ&#x84; philosophia kai hoi synchrones physikes episteÌ&#x84;mes, 1997:</subfield><subfield code="b">t.p. (EmpedokleÌ&#x84;s) p. 165 (Empedocles; b. around 490 B.C.) p. 166 (committed suicide by jumping in the volcano of Etna)</subfield></datafield></record>